%% This BibTeX bibliography file was created using BibDesk.
%% http://bibdesk.sourceforge.net/


%% Created for Martin MÃ¼ller at 2010-12-23 02:16:23 +0100 


%% Saved with string encoding Unicode (UTF-8) 



@webpage{wikipedia-ide,
	Date-Added = {2010-12-23 00:52:02 +0100},
	Date-Modified = {2010-12-23 00:52:44 +0100},
	Lastchecked = {2010-12-23},
	Title = {Wikipedia: Integrierte Entwicklungsumgebung},
	Url = {http://de.wikipedia.org/w/index.php?title=Integrierte_Entwicklungsumgebung&oldid=82277498},
	Bdsk-Url-1 = {http://de.wikipedia.org/w/index.php?title=Integrierte_Entwicklungsumgebung&oldid=82277498}}

@webpage{wikipedia-madenschraube,
	Date-Added = {2010-12-23 00:46:19 +0100},
	Date-Modified = {2010-12-23 00:47:04 +0100},
	Lastchecked = {2010-12-23},
	Title = {Wikipedia: Schraube (Verbindungselement)},
	Url = {http://de.wikipedia.org/w/index.php?title=Schraube_%28Verbindungselement%29&oldid=82159191#Schraubennormen_.28Auswahl.29},
	Bdsk-Url-1 = {http://de.wikipedia.org/w/index.php?title=Schraube_(Verbindungselement)&oldid=82159191#Schraubennormen_.28Auswahl.29}}

@webpage{wikipedia-steifigkeit,
	Date-Added = {2010-12-23 00:44:07 +0100},
	Date-Modified = {2010-12-23 00:44:56 +0100},
	Lastchecked = {2010-12-23},
	Title = {Wikipedia: Steifigkeit},
	Url = {http://de.wikipedia.org/w/index.php?title=Steifigkeit&oldid=81271606},
	Bdsk-Url-1 = {http://de.wikipedia.org/w/index.php?title=Steifigkeit&oldid=81271606}}

@webpage{wikipedia-gobo,
	Date-Added = {2010-12-23 00:43:06 +0100},
	Date-Modified = {2010-12-23 00:47:08 +0100},
	Lastchecked = {2010-12-23},
	Title = {Wikipedia: Gobo},
	Url = {http://de.wikipedia.org/w/index.php?title=Gobo&oldid=71735230},
	Bdsk-Url-1 = {http://de.wikipedia.org/w/index.php?title=Gobo&oldid=71735230}}

@webpage{wikipedia-traverse,
	Date-Added = {2010-12-23 00:40:48 +0100},
	Date-Modified = {2010-12-23 00:41:29 +0100},
	Lastchecked = {2010-12-23},
	Title = {Wikipedia: Traverse (Veranstaltungstechnik)},
	Url = {http://de.wikipedia.org/w/index.php?title=Traverse_%28Veranstaltungstechnik%29&oldid=78946055},
	Bdsk-Url-1 = {http://de.wikipedia.org/w/index.php?title=Traverse_(Veranstaltungstechnik)&oldid=78946055}}

@webpage{sharp,
	Date-Added = {2010-12-22 21:24:33 +0100},
	Date-Modified = {2010-12-22 21:26:01 +0100},
	Lastchecked = {2010-12-22},
	Title = {GP1A038RCKL},
	Url = {http://document.sharpsma.com/files/gp1a038rck_e.pdf},
	Bdsk-Url-1 = {http://document.sharpsma.com/files/gp1a038rck_e.pdf}}

@webpage{l298,
	Author = {STMicroelectronics},
	Date-Added = {2010-12-21 23:15:56 +0100},
	Date-Modified = {2010-12-22 21:16:00 +0100},
	Lastchecked = {2010-12-21},
	Title = {DUAL FULL-BRIDGE DRIVER},
	Url = {http://www.reichelt.de/?;ACTION=7;LA=28;OPEN=0;INDEX=0;FILENAME=A200%252FL298%2523STM.pdf;SID=15L7OxdawQAQ8AAAxO0oE30214498b6fc8e75eb153ae5caa46957},
	Urldate = {2010-12-21},
	Bdsk-Url-1 = {http://www.reichelt.de/?;ACTION=7;LA=28;OPEN=0;INDEX=0;FILENAME=A200%252FL298%2523STM.pdf;SID=15L7OxdawQAQ8AAAxO0oE30214498b6fc8e75eb153ae5caa46957}}

@webpage{wikipedia-mikrocontroller,
	Date-Added = {2010-12-21 21:33:38 +0100},
	Date-Modified = {2010-12-22 21:12:57 +0100},
	Lastchecked = {2010-12-08},
	Title = {Wikipedia: Mikrocontroller},
	Url = {http://de.wikipedia.org/w/index.php?title=Mikrocontroller&oldid=81905064},
	Bdsk-Url-1 = {http://de.wikipedia.org/w/index.php?title=Mikrocontroller&oldid=81905064}}

@webpage{wikipedia-tastgrad,
	Date-Added = {2010-12-21 21:29:13 +0100},
	Date-Modified = {2010-12-22 21:13:50 +0100},
	Lastchecked = {2010-12-21},
	Title = {Wikipedia: Tastgrad},
	Url = {http://de.wikipedia.org/w/index.php?title=Tastgrad&oldid=82228267},
	Bdsk-Url-1 = {http://de.wikipedia.org/w/index.php?title=Tastgrad&oldid=82228267}}

@webpage{rn-drehzahlmessung,
	Date-Added = {2010-12-21 21:24:41 +0100},
	Date-Modified = {2010-12-22 21:10:32 +0100},
	Lastchecked = {2010-12-21},
	Title = {Beispiel Drehzahlmessung mit RN-Control},
	Url = {http://www.rn-wissen.de/index.php/Beispiel_Drehzahlmessung_mit_RN-Control},
	Bdsk-Url-1 = {http://www.rn-wissen.de/index.php/Beispiel_Drehzahlmessung_mit_RN-Control}}

@webpage{wikipedia-schutzdiode,
	Date-Added = {2010-12-21 21:20:46 +0100},
	Date-Modified = {2010-12-22 21:13:10 +0100},
	Lastchecked = {2010-12-21},
	Title = {Wikipedia: Schutzdiode},
	Url = {http://de.wikipedia.org/w/index.php?title=Schutzdiode&oldid=77970148},
	Bdsk-Url-1 = {http://de.wikipedia.org/w/index.php?title=Schutzdiode&oldid=77970148}}

@webpage{l298-schaltung,
	Date-Added = {2010-12-21 21:19:25 +0100},
	Date-Modified = {2010-12-22 21:10:14 +0100},
	Lastchecked = {2010-12-21},
	Title = {Motortreiber L298},
	Url = {http://www.strippenstrolch.de/1-2-9-motortreiber-298.html},
	Bdsk-Url-1 = {http://www.strippenstrolch.de/1-2-9-motortreiber-298.html}}

@webpage{wikipedia-inkrementalgeber,
	Date-Added = {2010-12-20 01:10:44 +0100},
	Date-Modified = {2010-12-22 21:12:46 +0100},
	Lastchecked = {2010-12-20},
	Title = {Wikipedia: Inkrementalgeber},
	Url = {http://de.wikipedia.org/w/index.php?title=Inkrementalgeber&oldid=78153993},
	Bdsk-Url-1 = {http://de.wikipedia.org/wiki/Inkrementalgeber}}

@webpage{arduino-motor,
	Date-Added = {2010-12-08 10:11:42 +0100},
	Date-Modified = {2010-12-22 21:11:06 +0100},
	Lastchecked = {2010-12-08},
	Title = {DC Motor Control Using an H-Bridge},
	Url = {http://itp.nyu.edu/physcomp/Labs/DCMotorControl},
	Bdsk-Url-1 = {http://itp.nyu.edu/physcomp/Labs/DCMotorControl}}

@webpage{wikipedia-kamerakran,
	Date-Added = {2010-12-08 10:06:25 +0100},
	Date-Modified = {2010-12-22 21:12:53 +0100},
	Lastchecked = {2010-12-08},
	Title = {Wikipedia: Kamerakran},
	Url = {http://de.wikipedia.org/w/index.php?title=Kamerakran&oldid=66715786},
	Bdsk-Url-1 = {http://de.wikipedia.org/w/index.php?title=Kamerakran&oldid=66715786}}

@webpage{rn-steuerung,
	Date-Added = {2010-11-13 03:14:06 +0100},
	Date-Modified = {2010-12-22 21:12:12 +0100},
	Lastchecked = {2010-11-13},
	Title = {Getriebemotoren Ansteuerung},
	Url = {http://www.rn-wissen.de/index.php/Getriebemotoren_Ansteuerung},
	Bdsk-Url-1 = {http://www.rn-wissen.de/index.php/Getriebemotoren_Ansteuerung}}

@webpage{conrad-motor,
	Date-Added = {2010-11-13 02:44:44 +0100},
	Date-Modified = {2010-12-22 21:15:52 +0100},
	Lastchecked = {2010-11-13},
	Title = {GETRIEBEMOTOR RB 35 1:600},
	Url = {http://www.produktinfo.conrad.com/datenblaetter/200000-224999/221936-da-01-en-Getriebemotor_RB35_1zu600.pdf},
	Urldate = {2010-11-13},
	Bdsk-File-1 = {YnBsaXN0MDDUAQIDBAUIJidUJHRvcFgkb2JqZWN0c1gkdmVyc2lvblkkYXJjaGl2ZXLRBgdUcm9vdIABqAkKFRYXGyIjVSRudWxs0wsMDQ4RFFpOUy5vYmplY3RzV05TLmtleXNWJGNsYXNzog8QgASABqISE4ACgAOAB1lhbGlhc0RhdGFccmVsYXRpdmVQYXRo0hgNGRpXTlMuZGF0YU8RAfwAAAAAAfwAAgAADE1hY2ludG9zaCBIRAAAAAAAAAAAAAAAAAAAAMWppN5IKwAAAA8zpB8yMjE5MzYtZGEtMDEtZW4tR2V0ciM0Mjk1QkIucGRmAAAAAAAAAAAAAAAAAAAAAAAAAAAAAAAAAAAAAAAAAAAAQpW7yQOsBAAAAAAAAAAAAAQAAwAACSAAAAAAAAAAAAAAAAAAAAAJRG9rdW1lbnRlAAAQAAgAAMWpls4AAAARAAgAAMkDnfQAAAABABAADzOkAEigggAPHuEAAABjAAIASk1hY2ludG9zaCBIRDpVc2VyczptYXJ0aW46LlRyYXNoOkRva3VtZW50ZToyMjE5MzYtZGEtMDEtZW4tR2V0ciM0Mjk1QkIucGRmAA4AXAAtADIAMgAxADkAMwA2AC0AZABhAC0AMAAxAC0AZQBuAC0ARwBlAHQAcgBpAGUAYgBlAG0AbwB0AG8AcgBfAFIAQgAzADUAXwAxAHoAdQA2ADAAMAAuAHAAZABmAA8AGgAMAE0AYQBjAGkAbgB0AG8AcwBoACAASABEABIAS1VzZXJzL21hcnRpbi8uVHJhc2gvRG9rdW1lbnRlLzIyMTkzNi1kYS0wMS1lbi1HZXRyaWViZW1vdG9yX1JCMzVfMXp1NjAwLnBkZgAAEwABLwAAFQACAA3//wAAgAXSHB0eH1gkY2xhc3Nlc1okY2xhc3NuYW1lox8gIV1OU011dGFibGVEYXRhVk5TRGF0YVhOU09iamVjdF8QSi4uLy4uLy4uLy4uLy5UcmFzaC9Eb2t1bWVudGUvMjIxOTM2LWRhLTAxLWVuLUdldHJpZWJlbW90b3JfUkIzNV8xenU2MDAucGRm0hwdJCWiJSFcTlNEaWN0aW9uYXJ5EgABhqBfEA9OU0tleWVkQXJjaGl2ZXIACAARABYAHwAoADIANQA6ADwARQBLAFIAXQBlAGwAbwBxAHMAdgB4AHoAfACGAJMAmACgAqACogKnArACuwK/As0C1ALdAyoDLwMyAz8DRAAAAAAAAAIBAAAAAAAAACgAAAAAAAAAAAAAAAAAAANW}}

@webpage{treiberschaltung,
	Date-Added = {2010-11-12 22:55:33 +0100},
	Date-Modified = {2010-12-22 21:12:30 +0100},
	Lastchecked = {2010-11-12},
	Title = {Treiberschaltung: Schalten/Steuern eines Relais mit TTL-Signal (5V)},
	Url = {http://www.elektronik-kompendium.de/sites/slt/1201131.htm},
	Bdsk-Url-1 = {http://www.elektronik-kompendium.de/sites/slt/1201131.htm}}

@webpage{photointerrupter,
	Date-Added = {2010-11-12 22:53:50 +0100},
	Date-Modified = {2010-12-22 21:11:58 +0100},
	Lastchecked = {2010-11-12},
	Title = {Photointerrupter},
	Url = {http://www.embedded.arch.ethz.ch/Examples/Photointerrupter},
	Bdsk-Url-1 = {http://www.embedded.arch.ethz.ch/Examples/Photointerrupter}}

@webpage{motorcontrol,
	Date-Added = {2010-11-12 22:52:38 +0100},
	Date-Modified = {2010-12-22 21:11:36 +0100},
	Lastchecked = {2010-11-12},
	Title = {Timer DC-Motor Background},
	Url = {http://www.embedded.arch.ethz.ch/Examples/TimerDcMotorBackground},
	Bdsk-Url-1 = {http://www.embedded.arch.ethz.ch/Examples/TimerDcMotorBackground}}

@webpage{motordriver,
	Date-Added = {2010-11-12 22:50:28 +0100},
	Date-Modified = {2010-12-22 21:11:47 +0100},
	Lastchecked = {2010-11-12},
	Title = {Motors 1},
	Url = {http://www.thebox.myzen.co.uk/Workshop/Motors_1.html},
	Bdsk-Url-1 = {http://www.thebox.myzen.co.uk/Workshop/Motors_1.html}}

@webpage{transistor-highcurrent,
	Date-Added = {2010-11-12 22:46:22 +0100},
	Date-Modified = {2010-12-22 21:12:21 +0100},
	Lastchecked = {2010-11-12},
	Title = {Using a transistor to control high current loads with an Arduino},
	Url = {http://itp.nyu.edu/physcomp/Tutorials/HighCurrentLoads},
	Bdsk-Url-1 = {http://itp.nyu.edu/physcomp/Tutorials/HighCurrentLoads}}

@webpage{wikipedia-hbridge,
	Date-Added = {2010-11-12 22:38:22 +0100},
	Date-Modified = {2010-12-23 02:16:22 +0100},
	Lastchecked = {2010-11-12},
	Title = {Wikipedia: Vierquadrantensteller},
	Url = {http://de.wikipedia.org/w/index.php?title=Vierquadrantensteller&oldid=80617138},
	Bdsk-Url-1 = {http://de.wikipedia.org/wiki/Vierquadrantensteller#Vierquadrantensteller_f.C3.BCr_Gleichstrommotoren},
	Bdsk-Url-2 = {http://de.wikipedia.org/w/index.php?title=Vierquadrantensteller&oldid=80617138}}

@webpage{wikipedia-seilkamera,
	Date-Added = {2010-09-06 20:17:12 +0200},
	Date-Modified = {2010-12-22 21:13:24 +0100},
	Lastchecked = {2010-09-06},
	Title = {Wikipedia: Seilkamera},
	Url = {http://de.wikipedia.org/w/index.php?title=Seilkamera&oldid=78950267},
	Bdsk-Url-1 = {http://de.wikipedia.org/wiki/Seilkamera}}

@webpage{arduino,
	Date-Added = {2010-08-22 04:41:29 +0200},
	Date-Modified = {2010-12-22 21:15:36 +0100},
	Lastchecked = {2010-08-22},
	Title = {Arduino Schaltplan},
	Url = {http://arduino.cc/en/uploads/Main/arduino-duemilanove-schematic.pdf},
	Urldate = {2010-08-22},
	Bdsk-File-1 = {YnBsaXN0MDDUAQIDBAUIJidUJHRvcFgkb2JqZWN0c1gkdmVyc2lvblkkYXJjaGl2ZXLRBgdUcm9vdIABqAkKFRYXGyIjVSRudWxs0wsMDQ4RFFpOUy5vYmplY3RzV05TLmtleXNWJGNsYXNzog8QgASABqISE4ACgAOAB1lhbGlhc0RhdGFccmVsYXRpdmVQYXRo0hgNGRpXTlMuZGF0YU8RAdgAAAAAAdgAAgAADE1hY2ludG9zaCBIRAAAAAAAAAAAAAAAAAAAAMWppN5IKwAAAA8zpB9hcmR1aW5vLWR1ZW1pbGFub3ZlLSMyQkY0NkMucGRmAAAAAAAAAAAAAAAAAAAAAAAAAAAAAAAAAAAAAAAAAAAAK/RsyJZazQAAAAAAAAAAAAQAAwAACSAAAAAAAAAAAAAAAAAAAAAJRG9rdW1lbnRlAAAQAAgAAMWpls4AAAARAAgAAMiWPq0AAAABABAADzOkAEigggAPHuEAAABjAAIASk1hY2ludG9zaCBIRDpVc2VyczptYXJ0aW46LlRyYXNoOkRva3VtZW50ZTphcmR1aW5vLWR1ZW1pbGFub3ZlLSMyQkY0NkMucGRmAA4ARAAhAGEAcgBkAHUAaQBuAG8ALQBkAHUAZQBtAGkAbABhAG4AbwB2AGUALQBzAGMAaABlAG0AYQB0AGkAYwAuAHAAZABmAA8AGgAMAE0AYQBjAGkAbgB0AG8AcwBoACAASABEABIAP1VzZXJzL21hcnRpbi8uVHJhc2gvRG9rdW1lbnRlL2FyZHVpbm8tZHVlbWlsYW5vdmUtc2NoZW1hdGljLnBkZgAAEwABLwAAFQACAA3//wAAgAXSHB0eH1gkY2xhc3Nlc1okY2xhc3NuYW1lox8gIV1OU011dGFibGVEYXRhVk5TRGF0YVhOU09iamVjdF8QPi4uLy4uLy4uLy4uLy5UcmFzaC9Eb2t1bWVudGUvYXJkdWluby1kdWVtaWxhbm92ZS1zY2hlbWF0aWMucGRm0hwdJCWiJSFcTlNEaWN0aW9uYXJ5EgABhqBfEA9OU0tleWVkQXJjaGl2ZXIACAARABYAHwAoADIANQA6ADwARQBLAFIAXQBlAGwAbwBxAHMAdgB4AHoAfACGAJMAmACgAnwCfgKDAowClwKbAqkCsAK5AvoC/wMCAw8DFAAAAAAAAAIBAAAAAAAAACgAAAAAAAAAAAAAAAAAAAMm}}

@webpage{kupplung,
	Date-Added = {2010-08-10 16:02:05 +0200},
	Date-Modified = {2010-12-22 21:09:49 +0100},
	Lastchecked = {2010-08-10},
	Title = {Starre Kupplungen},
	Url = {http://www.orbit-antriebstechnik.de/power-transmission/starre-kupplungen/?L=0},
	Bdsk-Url-1 = {http://www.orbit-antriebstechnik.de/power-transmission/starre-kupplungen/?L=0}}

@webpage{inkrementalgeber,
	Date-Added = {2010-08-10 15:59:25 +0200},
	Date-Modified = {2010-12-22 21:09:38 +0100},
	Lastchecked = {2010-08-10},
	Title = {Gabellichtschranke mit inkrementaler Drehgeberfunktion sowie passender Encoders},
	Url = {http://www.shop.robotikhardware.de/shop/catalog/product_info.php?cPath=71&products_id=135},
	Bdsk-Url-1 = {http://www.shop.robotikhardware.de/shop/catalog/product_info.php?cPath=71&products_id=135}}
